成交日期,成交时间,证券代码,证券名称,买卖方向,成交价格,成交数量,成交金额
20200102,9:36:47,600683,京投发展,买入,4.98,336000,1673227
20200102,9:40:30,000789,万年青,卖出,12.391,139100,1723618
20200102,9:45:43,600235,民丰特纸,卖出,6.38,294800,1880824
20200102,10:06:41,603729,龙韵股份,买入,17.407,102900,1791127
20200103,9:33:54,603729,龙韵股份,卖出,16.226,51400,834009
20200103,9:34:21,603729,龙韵股份,卖出,16.187,25700,415998.52
20200103,9:34:35,603729,龙韵股份,卖出,16.2,25800,417960
20200103,9:44:24,600683,京投发展,卖出,4.702,67200,315958
20200103,9:44:32,600683,京投发展,卖出,4.7,67200,315840
20200103,9:44:40,600683,京投发展,卖出,4.709,67200,316427
20200103,9:44:47,600683,京投发展,卖出,4.703,67200,316015
20200103,9:44:58,600683,京投发展,卖出,4.692,67200,315319
20200103,9:52:06,600095,哈高科,买入,11.397,140300,1598988
20200103,13:52:59,002291,星期六,卖出,23.8,83000,1975400
20200106,9:32:53,600095,哈高科,卖出,10.357,140300,1453038
20200106,9:34:59,603109,神驰机电,买入,29.73,4900,145677
20200106,9:37:15,603109,神驰机电,买入,29.6,10000,296000
20200106,9:37:33,603109,神驰机电,买入,29.57,10000,295700
20200106,9:38:00,603109,神驰机电,买入,29.542,10000,295418.48
20200106,9:38:33,603109,神驰机电,买入,29.571,10000,295714.11
20200106,9:39:00,603109,神驰机电,买入,29.599,10000,295992
20200106,9:39:30,603109,神驰机电,买入,29.758,10000,297583.37
20200106,9:43:17,600330,天通股份,买入,8.476,189000,1602042
20200106,13:53:09,002762,金发拉比,买入,6.12,50000,306000
20200106,13:53:39,002762,金发拉比,买入,6.12,3600,22032
20200106,13:55:00,002762,金发拉比,买入,6.15,30000,184500
20200106,13:55:34,002762,金发拉比,买入,6.14,1200,7368
20200106,13:56:26,002762,金发拉比,买入,6.192,50000,309622.75
20200106,13:59:10,002762,金发拉比,买入,6.251,129900,811953
20200107,9:25:00,002762,金发拉比,买入,6.86,17000,116620
20200107,9:32:46,600330,天通股份,卖出,9.25,189000,1748250
20200107,10:11:13,002291,星期六,买入,23.105,28900,667748
20200107,10:13:08,002762,金发拉比,卖出,7.05,15000,105750
20200107,10:19:49,603109,神驰机电,卖出,29.504,12900,380597
20200107,10:20:30,603109,神驰机电,卖出,29.5,10400,306800
20200107,10:20:36,603109,神驰机电,卖出,29.5,3300,97350
20200107,10:21:03,603109,神驰机电,卖出,29.453,26916,792751.2
20200107,10:21:23,603109,神驰机电,卖出,29.424,11384,334962.92
20200107,10:42:35,002291,星期六,买入,22.797,15000,341949
20200107,13:15:29,002291,星期六,买入,23.892,25200,602074
20200107,13:48:01,600122,宏图高科,买入,3,624100,1872300
20200107,14:56:16,002762,金发拉比,卖出,7.05,249700,1760385
20200108,9:30:00,002762,金发拉比,卖出,6.263,17000,106478
20200108,9:39:32,600122,宏图高科,卖出,2.879,624100,1796992
20200108,10:35:36,300269,联建光电,买入,5.787,308400,1784802
20200108,14:02:30,601990,南京证券,买入,13.034,129100,1682641
20200109,9:25:00,300063,天龙集团,买入,4.75,341400,1621650
20200109,9:49:30,601990,南京证券,卖出,12.847,129100,1658601.45
20200109,9:53:40,300269,联建光电,卖出,5.911,308400,1822876
20200109,10:01:08,002160,常铝股份,买入,4.58,384700,1761926
20200109,11:22:30,002291,星期六,卖出,23.5,69100,1623881
20200109,13:48:09,002277,友阿股份,买入,3.626,506200,1835353
20200109,14:31:59,002277,友阿股份,买入,3.72,520500,1936260
20200109,14:51:31,600122,宏图高科,买入,2.88,600,1728
20200109,14:54:01,600122,宏图高科,买入,2.87,700,2009
20200110,9:30:27,600122,宏图高科,卖出,2.98,1300,3874
20200110,9:32:53,300063,天龙集团,卖出,5.31,341400,1812834
20200110,13:22:15,002160,常铝股份,卖出,4.217,384700,1622297
20200110,14:37:19,603598,引力传媒,买入,20.75,67700,1404775
20200110,14:38:42,603598,引力传媒,买入,20.8,8000,166400
20200110,14:39:54,603598,引力传媒,买入,20.76,7300,151548
20200113,9:38:47,002277,友阿股份,卖出,4.23,513300,2171384
20200113,9:41:36,600327,大东方,买入,4.46,435100,1940546
20200113,9:49:01,002277,友阿股份,卖出,4.51,513400,2315434
20200113,11:11:04,002291,星期六,买入,25.67,73400,1884179.79
20200113,13:26:04,603598,引力传媒,卖出,21.244,27600,586322
20200113,13:26:27,603598,引力传媒,卖出,21.16,11900,251804
20200113,13:26:46,603598,引力传媒,卖出,21.105,12300,259596
20200113,13:27:00,603598,引力传媒,卖出,21.08,13000,274040
20200113,13:27:11,603598,引力传媒,卖出,21.031,18200,382769
20200113,13:44:38,603721,中广天择,买入,33.66,55100,1854666
20200114,10:08:51,300391,康跃科技,买入,11.761,172600,2029964.86
20200114,14:16:16,603721,中广天择,卖出,31.276,18300,572353
20200114,14:16:24,603721,中广天择,卖出,30.796,18400,566651
20200114,14:16:59,603721,中广天择,卖出,30.72,18400,565252
20200114,14:45:56,002291,星期六,卖出,28.68,73400,2105112
20200115,9:33:52,300391,康跃科技,卖出,10.5,43100,452550
20200115,9:33:57,300391,康跃科技,卖出,10.5,43100,452550
20200115,9:34:05,300391,康跃科技,卖出,10.493,86400,906551
20200115,9:41:11,002969,嘉美包装,买入,12.299,144900,1782059
20200115,9:47:09,600327,大东方,卖出,4.667,435100,2030465
20200115,9:49:47,002969,嘉美包装,买入,12.304,10000,123035
20200115,14:34:28,603815,交建股份,买入,19.35,101700,1967895
20200115,14:25:27,000626,远大控股,买入,8.916,214400,1911627
20200116,9:32:46,000626,远大控股,卖出,10.25,214400,2197600
20200116,9:35:53,603815,交建股份,卖出,18.34,20300,372302
20200116,9:35:54,603815,交建股份,卖出,18.315,20300,371800
20200116,9:35:59,603815,交建股份,卖出,18.342,20300,372337
20200116,9:36:04,603815,交建股份,卖出,18.341,20400,374148
20200116,9:36:12,603815,交建股份,卖出,18.345,20400,374240
20200116,9:39:00,002969,嘉美包装,卖出,12.264,38700,474618.86
20200116,9:39:09,002969,嘉美包装,卖出,12.264,38700,474605
20200116,9:39:18,002969,嘉美包装,卖出,12.249,77500,949281.93
20200116,10:00:36,601816,N京沪,卖出,5.98,1000,5980
20200116,14:54:05,002878,元隆雅图,买入,43.897,20000,877945.7
20200116,14:54:30,002878,元隆雅图,买入,43.9,10900,478510
20200116,14:54:57,002878,元隆雅图,买入,44.01,15000,660150
20200117,9:42:14,002878,元隆雅图,卖出,42.721,22900,978315.7
20200117,9:42:24,002878,元隆雅图,卖出,42.686,11500,490890.8
20200117,9:44:45,002878,元隆雅图,卖出,42.049,11500,483567
20200117,9:49:10,002969,嘉美包装,买入,11.75,50000,587500
20200117,9:50:05,002969,嘉美包装,买入,11.749,50000,587477
20200117,9:50:49,002969,嘉美包装,买入,11.74,50000,587000
20200117,9:51:22,002969,嘉美包装,买入,11.73,18100,212313
20200117,13:49:41,000793,华闻集团,买入,3.469,544600,1889256
20200117,14:34:29,002291,星期六,买入,36.56,56300,2058328
20200120,9:30:50,000793,华闻集团,卖出,3.425,544600,1864956
20200120,9:33:35,002969,嘉美包装,卖出,12.56,168100,2111336
20200120,9:39:37,002291,星期六,买入,30.795,10000,307952
20200120,9:39:57,002291,星期六,买入,30.966,10000,309663
20200120,9:42:05,002291,星期六,买入,31.407,10000,314066
20200120,9:51:16,002291,星期六,买入,30.614,10000,306143
20200120,9:52:01,002291,星期六,买入,30.246,10000,302454.9
20200120,9:53:05,002291,星期六,买入,30.413,10000,304126.75
20200120,9:56:05,002291,星期六,买入,30.421,10000,304214
20200120,11:05:03,002291,星期六,卖出,32.362,10000,323619
20200120,13:35:03,603301,振德医疗,买入,24.15,87000,2101050
20200120,13:12:59,600527,江南高纤,买入,2.285,907300,2073578.5
20200121,9:33:31,603301,振德医疗,卖出,26.57,87000,2311590
20200121,9:40:23,002291,星期六,卖出,34.822,58100,2023180
20200121,10:38:36,002291,星期六,卖出,32.979,58200,1919355
20200121,14:53:00,002556,辉隆股份,买入,6.187,341300,2111557
20200122,9:30:00,300812,易天股份,买入,68.807,28600,1967866.39
20200122,10:06:24,002556,辉隆股份,卖出,6.059,341300,2068025.06
20200122,10:52:44,688026,N洁特,卖出,55.07,500,27535
20200122,13:00:50,600527,江南高纤,卖出,2.71,181400,491594
20200122,13:05:01,600527,江南高纤,卖出,2.73,50000,136500
20200122,13:05:28,600527,江南高纤,卖出,2.74,50000,137000
20200122,13:05:44,600527,江南高纤,卖出,2.73,50000,136500
20200122,13:06:20,600527,江南高纤,卖出,2.72,50000,136000
20200122,13:08:09,600527,江南高纤,卖出,2.73,50000,136500
20200122,13:07:37,600527,江南高纤,卖出,2.72,50000,136000
20200122,13:08:23,600527,江南高纤,卖出,2.71,50000,135500
20200122,13:09:33,600527,江南高纤,卖出,2.72,50000,136000
20200122,13:10:52,600527,江南高纤,卖出,2.72,50000,136000
20200122,13:12:16,600527,江南高纤,卖出,2.71,50000,135500
20200122,13:13:48,600527,江南高纤,卖出,2.7,225900,609930
20200122,13:51:27,002291,星期六,买入,28.81,10000,288100
20200122,13:53:39,002291,星期六,买入,28.86,1000,28860
20200122,13:54:03,002291,星期六,买入,28.87,1000,28870
20200122,13:54:19,002291,星期六,买入,28.84,10000,288400
20200122,13:55:48,002291,星期六,买入,28.88,10000,288800
20200122,14:03:30,002291,星期六,买入,29.05,4000,116200
20200122,14:11:04,002291,星期六,买入,28.998,30000,869948
20200122,14:12:20,002291,星期六,买入,29.09,2000,58180
20200122,14:12:44,002291,星期六,买入,29.1,2000,58200
20200123,9:30:36,300812,易天股份,卖出,72.709,28600,2079484.62
20200123,9:33:41,603301,振德医疗,买入,30.12,67700,2039124
20200123,10:48:50,002291,星期六,卖出,27.911,35000,976898
20200123,10:49:00,002291,星期六,卖出,27.896,35000,976358
20200203,14:52:46,002291,星期六,买入,25.999,74300,1931747
20200203,15:00:00,002291,星期六,买入,26.34,5000,131700
20200203,15:00:00,002291,星期六,买入,26.34,3000,79020
20200205,13:20:18,300074,华平股份,买入,4.72,484700,2287784
20200205,10:41:55,688039,当虹科技,买入,114.9,4940,567606
20200205,10:41:55,688039,当虹科技,买入,116.456,4945,575873.02
20200205,10:43:38,688039,当虹科技,买入,116.609,3273,381661.26
20200205,10:45:07,688039,当虹科技,买入,117.069,1300,152190
20200205,10:46:48,688039,当虹科技,买入,117.42,5207,611404.55
20200205,10:50:45,002291,星期六,卖出,30.807,20500,631548
20200205,10:50:54,002291,星期六,卖出,30.76,20600,633656
20200205,10:51:01,002291,星期六,卖出,30.638,41200,1262276
20200205,11:07:32,000819,岳阳兴长,买入,8.65,291800,2524070
20200206,9:31:05,688039,当虹科技,卖出,122,2000,244000
20200206,9:35:50,688039,当虹科技,卖出,122,2000,244000
20200206,9:32:22,688039,当虹科技,卖出,120.139,2000,240277.29
20200206,9:33:16,688039,当虹科技,卖出,120,2000,240000
20200206,9:33:37,688039,当虹科技,卖出,120.01,2000,240020
20200206,9:33:44,688039,当虹科技,卖出,119.56,5000,597800
20200206,9:33:58,688039,当虹科技,卖出,119.53,4665,557608.15
20200206,9:37:30,000819,岳阳兴长,卖出,9.113,51400,468397
20200206,9:37:37,000819,岳阳兴长,卖出,9.082,46700,424146
20200206,9:37:55,000819,岳阳兴长,卖出,9,124600,1121414
20200206,9:38:10,000819,岳阳兴长,卖出,9.008,69100,622448.55
20200206,9:48:13,300074,华平股份,卖出,4.998,484700,2422762.38
20200206,10:24:24,002483,润邦股份,买入,4.598,524900,2413681.2
20200206,10:53:43,300055,万邦达,买入,6.22,401800,2499196
20200207,9:55:21,300055,万邦达,卖出,6.64,79478,527733.92
20200207,9:55:31,300055,万邦达,卖出,6.63,80300,532389
20200207,9:56:19,300055,万邦达,卖出,6.61,60300,398583
20200207,9:56:19,300055,万邦达,卖出,6.591,36100,237943
20200207,9:56:30,300055,万邦达,卖出,6.59,36400,239876
20200207,9:56:41,300055,万邦达,卖出,6.592,36400,239960
20200207,9:56:56,300055,万邦达,卖出,6.59,24200,159478
20200207,9:57:09,300055,万邦达,卖出,6.57,48622,319446.54
20200207,13:16:27,300123,亚光科技,买入,13.46,191400,2576244
20200207,14:29:19,300520,科大国创,买入,22.68,113600,2576448
20200210,9:34:43,300520,科大国创,卖出,23.37,22700,530499
20200210,9:35:02,300520,科大国创,卖出,23.31,18100,421914
20200210,9:35:13,300520,科大国创,卖出,23.28,24200,563376
20200210,9:35:17,300520,科大国创,卖出,23.26,9700,225622
20200210,9:35:27,300520,科大国创,卖出,23.23,12900,299667
20200210,9:35:35,300520,科大国创,卖出,23.212,8600,199620
20200210,9:35:40,300520,科大国创,卖出,23.205,17400,403767
20200210,10:05:54,300123,亚光科技,卖出,13.954,156300,2181072
20200210,10:08:54,603301,振德医疗,卖出,48.746,67700,3300123
20200210,10:10:18,300123,亚光科技,卖出,13.573,35100,476394
20200210,10:11:17,002483,润邦股份,卖出,5.64,524900,2960436
20200210,13:44:50,002556,辉隆股份,买入,7.05,409400,2886270
20200210,15:00:00,002950,奥美医疗,买入,51.02,47000,2397940
20200211,9:36:12,002556,辉隆股份,卖出,6.86,81800,561148
20200211,9:36:17,002556,辉隆股份,卖出,6.87,81900,562653
20200211,9:36:26,002556,辉隆股份,卖出,6.826,81900,559042
20200211,9:36:32,002556,辉隆股份,卖出,6.802,81900,557078
20200211,9:36:38,002556,辉隆股份,卖出,6.82,81900,558558
20200212,9:41:37,002950,奥美医疗,卖出,44.106,9400,414598
20200212,9:41:54,002950,奥美医疗,卖出,44.08,5100,224808
20200212,9:42:07,002950,奥美医疗,卖出,44.041,24900,1096618
20200212,9:42:28,002950,奥美医疗,卖出,43.544,7600,330935
20200212,10:27:58,600355,精伦电子,买入,3.38,814200,2751996
20200212,14:30:45,300658,延江股份,买入,19.48,142100,2768108
20200212,14:23:42,002757,南兴股份,买入,25.25,109600,2767400
20200213,9:56:13,002757,南兴股份,卖出,24.51,21900,536769
20200213,9:56:55,002757,南兴股份,卖出,24.45,17500,427875
20200213,9:57:22,002757,南兴股份,卖出,24.5,14000,343000
20200213,9:57:43,002757,南兴股份,卖出,24.46,14000,342440
20200213,9:58:01,002757,南兴股份,卖出,24.451,14000,342320
20200213,9:58:19,002757,南兴股份,卖出,24.46,14100,344886
20200213,9:58:15,002757,南兴股份,卖出,24.45,14100,344745
20200213,10:51:52,600355,精伦电子,卖出,3.352,300000,1005687
20200213,10:52:05,600355,精伦电子,卖出,3.35,30000,100500
20200213,10:52:29,600355,精伦电子,卖出,3.35,40000,134000
20200213,10:53:09,600355,精伦电子,卖出,3.36,40000,134400
20200213,10:53:36,600355,精伦电子,卖出,3.36,20000,67200
20200213,10:54:07,600355,精伦电子,卖出,3.37,20000,67400
20200213,10:54:10,600355,精伦电子,卖出,3.37,6982,23529.34
20200213,10:54:28,600355,精伦电子,卖出,3.35,50000,167500
20200213,10:55:02,600355,精伦电子,卖出,3.356,60000,201362
20200213,10:55:31,600355,精伦电子,卖出,3.36,2000,6720
20200213,10:55:54,600355,精伦电子,卖出,3.33,64700,215451
20200213,10:56:13,600355,精伦电子,卖出,3.34,12800,42752
20200213,10:56:24,600355,精伦电子,卖出,3.33,28800,95904
20200213,10:56:26,600355,精伦电子,卖出,3.322,57600,191358
20200213,10:57:07,600355,精伦电子,卖出,3.321,81318,270097.76
20200214,10:00:25,300658,延江股份,卖出,20.27,5000,101350
20200214,10:00:40,300658,延江股份,卖出,20.26,7100,143846
20200214,10:00:53,300658,延江股份,卖出,20.23,3000,60690
20200214,10:01:21,300658,延江股份,卖出,20.17,2000,40340
20200214,10:01:37,300658,延江股份,卖出,20.15,2000,40300
20200214,10:01:55,300658,延江股份,卖出,20.08,3000,60240
20200214,10:02:25,300658,延江股份,卖出,19.805,20000,396098
20200214,10:02:53,300658,延江股份,卖出,19.711,20000,394220
20200214,10:03:01,300658,延江股份,卖出,19.761,16000,316169
20200214,10:03:21,300658,延江股份,卖出,19.814,12800,253624
20200214,10:03:38,300658,延江股份,卖出,19.868,17000,337760
20200214,10:03:52,300658,延江股份,卖出,19.82,11400,225949
20200214,10:03:57,300658,延江股份,卖出,19.773,22800,450822
20200214,10:39:35,002291,星期六,买入,26.595,5000,132974
20200214,10:39:52,002291,星期六,买入,26.62,5000,133100
20200214,10:40:13,002291,星期六,买入,26.61,10000,266096
20200214,10:40:33,002291,星期六,买入,26.64,10000,266400
20200214,10:40:52,002291,星期六,买入,26.64,10000,266400
20200214,10:41:17,002291,星期六,买入,26.63,20000,532600
20200214,10:44:29,002291,星期六,买入,26.696,10000,266964
20200214,10:45:13,002291,星期六,买入,26.708,20000,534149
20200214,10:51:13,002291,星期六,买入,26.718,10000,267180
20200218,10:03:28,002291,星期六,买入,29.812,91300,2721876
20200218,14:54:44,603011,合锻智能,买入,5.15,539400,2777910
20200219,9:30:03,002580,圣阳股份,买入,5.69,488500,2779565
20200219,9:25:00,603011,合锻智能,买入,5.57,200,1114
20200219,9:57:19,603011,合锻智能,卖出,5.67,539400,3058398
20200219,13:35:03,002291,星期六,卖出,28.28,3800,107464
20200219,13:38:08,002291,星期六,卖出,28.109,62500,1756832
20200219,13:38:16,002291,星期六,卖出,28.076,41600,1167942
20200219,13:38:23,002291,星期六,卖出,28,41700,1167600
20200219,13:38:38,002291,星期六,卖出,27.973,41700,1166458
20200220,9:31:00,603011,合锻智能,卖出,6.24,200,1248
20200220,9:48:36,002580,圣阳股份,卖出,5.837,154600,902343
20200220,9:48:53,002580,圣阳股份,卖出,5.801,244300,1417287.4
20200220,9:49:13,002580,圣阳股份,卖出,5.782,89600,518025.4
20200220,10:09:33,002108,沧州明珠,买入,4.156,641900,2667906.44
20200220,11:25:46,300317,珈伟新能,买入,4.6,615500,2831300
20200220,13:34:29,300097,智云股份,买入,11.1,258400,2868137
20200221,9:31:17,002108,沧州明珠,卖出,4.05,320900,1299772
20200221,9:31:24,002108,沧州明珠,卖出,4.04,321000,1296942
20200221,9:33:19,300317,珈伟新能,卖出,4.767,205100,977787
20200221,9:33:26,300317,珈伟新能,卖出,4.75,136800,649837
20200221,9:33:33,300317,珈伟新能,卖出,4.759,136800,650970
20200221,9:33:43,300317,珈伟新能,卖出,4.745,136800,649183
20200221,9:34:57,600156,华升股份,买入,5.06,547600,2770856
20200221,10:18:09,300097,智云股份,卖出,11.46,20000,229200
20200221,10:19:49,300097,智云股份,卖出,11.48,20000,229600
20200221,10:19:23,300097,智云股份,卖出,11.45,20000,229000
20200221,10:19:48,300097,智云股份,卖出,11.46,20000,229200
20200221,10:20:26,300097,智云股份,卖出,11.47,18400,211048
20200221,10:20:28,300097,智云股份,卖出,11.47,200,2294
20200221,10:20:47,300097,智云股份,卖出,11.402,50000,570106
20200221,10:21:21,300097,智云股份,卖出,11.411,10000,114106
20200221,10:21:41,300097,智云股份,卖出,11.4,9800,111722
20200221,10:21:56,300097,智云股份,卖出,11.39,10000,113900
20200221,10:22:23,300097,智云股份,卖出,11.39,30000,341700
20200221,10:23:08,300097,智云股份,卖出,11.38,50000,569016
20200224,11:17:47,300686,智动力,买入,27.178,97100,2639025
20200224,13:47:57,002134,天津普林,买入,11.92,249000,2968080
20200224,14:55:55,002134,天津普林,买入,11.83,10300,121849
20200224,15:00:00,002134,天津普林,买入,11.92,238900,2847688
20200225,9:30:58,600156,华升股份,卖出,6.13,547600,3356788
20200225,9:37:34,002134,天津普林,卖出,11.76,20000,235200
20200225,9:35:22,002134,天津普林,卖出,11.72,20000,234400
20200225,9:35:57,002134,天津普林,卖出,11.69,20000,233800
20200225,9:36:55,002134,天津普林,卖出,11.689,50000,584439
20200225,9:37:18,002134,天津普林,卖出,11.72,20000,234400
20200225,9:37:39,002134,天津普林,卖出,11.751,20000,235023
20200225,9:38:04,002134,天津普林,卖出,11.77,20000,235400
20200225,9:47:23,002134,天津普林,卖出,12.16,10000,121600
20200225,9:47:43,002134,天津普林,卖出,12.11,10000,121100
20200225,9:48:00,002134,天津普林,卖出,12.08,10000,120800
20200225,9:48:12,002134,天津普林,卖出,12.09,10000,120900
20200225,9:48:32,002134,天津普林,卖出,12.11,10000,121100
20200225,9:48:42,002134,天津普林,卖出,12.112,10000,121120
20200225,9:48:52,002134,天津普林,卖出,12.135,10000,121349
20200225,9:49:11,002134,天津普林,卖出,12.14,10000,121400
20200225,9:49:24,002134,天津普林,卖出,12.125,10000,121249
20200225,9:49:38,002134,天津普林,卖出,12.108,8000,96863
20200225,9:49:58,300686,智动力,卖出,27.515,48500,1334482
20200225,9:50:21,300686,智动力,卖出,27.455,38900,1067999
20200225,9:50:32,300686,智动力,卖出,27.367,9700,265456
20200225,10:00:11,002134,天津普林,卖出,11.932,10000,119323
20200225,10:00:26,002134,天津普林,卖出,11.932,10000,119316
20200225,10:00:42,002134,天津普林,卖出,11.91,10000,119100
20200225,10:02:09,002134,天津普林,卖出,11.85,26800,317580
20200225,10:02:19,002134,天津普林,卖出,11.83,5000,59150
20200225,10:02:35,002134,天津普林,卖出,11.8,5000,59000
20200225,10:03:47,002134,天津普林,卖出,11.83,5000,59150
20200225,10:03:58,002134,天津普林,卖出,11.84,8400,99456
20200225,10:04:18,002134,天津普林,卖出,11.87,5000,59350
20200225,10:04:40,002134,天津普林,卖出,11.881,50000,594033
20200225,10:04:48,002134,天津普林,卖出,11.89,5000,59450
20200225,10:05:19,002134,天津普林,卖出,11.9,10000,119000
20200225,10:05:32,002134,天津普林,卖出,11.9,10000,119000
20200225,10:05:52,002134,天津普林,卖出,11.902,20000,238037
20200225,10:06:07,002134,天津普林,卖出,11.87,20000,237400
20200225,10:06:25,002134,天津普林,卖出,11.86,20000,237200
20200225,10:06:34,002134,天津普林,卖出,11.86,10000,118600
20200225,11:11:12,603200,上海洗霸,买入,35.04,85000,2978400
20200225,14:29:33,000016,深康佳Ａ,买入,10.122,295200,2988022
20200226,9:54:13,600355,精伦电子,买入,4.058,733600,2977093
20200226,10:00:23,603200,上海洗霸,卖出,35.08,600,21048
20200226,10:00:39,603200,上海洗霸,卖出,35.03,20000,700600
20200226,10:01:06,603200,上海洗霸,卖出,34.75,5000,173750
20200226,10:02:34,603200,上海洗霸,卖出,34.504,10000,345038
20200226,10:02:55,603200,上海洗霸,卖出,34.5,2000,69000
20200226,10:03:21,603200,上海洗霸,卖出,34.33,2400,82392
20200226,10:03:56,603200,上海洗霸,卖出,34.5,2000,69000
20200226,10:04:14,603200,上海洗霸,卖出,34.2,10000,342002
20200226,10:04:33,603200,上海洗霸,卖出,34.43,5000,172150
20200226,10:04:52,603200,上海洗霸,卖出,34.3,3000,102900
20200226,10:05:05,603200,上海洗霸,卖出,34.255,10000,342555
20200226,10:05:19,603200,上海洗霸,卖出,34.252,3000,102755
20200226,10:05:33,603200,上海洗霸,卖出,34.35,2000,68700
20200226,10:05:45,603200,上海洗霸,卖出,34.3,2000,68600
20200226,10:05:58,603200,上海洗霸,卖出,34.3,8000,274400
20200226,10:23:12,000016,深康佳Ａ,卖出,10.043,295200,2964682.26
20200227,9:38:16,600355,精伦电子,卖出,3.61,96000,346560
20200227,9:38:29,600355,精伦电子,卖出,3.6,267500,963000
20200227,9:38:49,600355,精伦电子,卖出,3.515,370100,1300732
20200227,9:44:40,603303,得邦照明,买入,11.52,249100,2869632
20200227,13:17:35,603200,上海洗霸,买入,39.15,72500,2838375
20200228,9:36:48,603303,得邦照明,卖出,10.78,10000,107800
20200228,9:36:58,603303,得邦照明,卖出,10.78,10000,107800
20200228,9:37:07,603303,得邦照明,卖出,10.814,45800,495262
20200228,9:37:33,603303,得邦照明,卖出,10.86,20000,217207
20200228,9:37:50,603303,得邦照明,卖出,10.872,20000,217443
20200228,9:37:57,603303,得邦照明,卖出,10.875,20000,217500
20200228,9:38:09,603303,得邦照明,卖出,10.876,23300,253414
20200228,9:38:17,603303,得邦照明,卖出,10.911,33300,363345
20200228,9:38:26,603303,得邦照明,卖出,10.901,22200,242001
20200228,9:38:32,603303,得邦照明,卖出,10.901,22200,242011
20200228,9:38:38,603303,得邦照明,卖出,10.91,22300,243293
20200302,9:30:45,002062,宏润建设,买入,4.99,560600,2797394
20200302,14:48:31,603200,上海洗霸,卖出,40.95,1200,49140
20200302,14:49:55,603200,上海洗霸,卖出,40.303,71300,2873627
20200302,14:55:31,688026,洁特生物,买入,84.984,33333,2832759.62
20200303,11:29:41,300621,维业股份,买入,13.422,219800,2950100.5
20200303,13:01:17,688026,洁特生物,卖出,87.73,2000,175460
20200303,13:01:27,688026,洁特生物,卖出,87.75,333,29220.75
20200303,13:01:36,688026,洁特生物,卖出,87.73,2000,175460
20200303,13:01:48,688026,洁特生物,卖出,87.869,2000,175738.48
20200303,13:02:05,688026,洁特生物,卖出,87.982,2000,175964.7
20200303,13:03:30,688026,洁特生物,卖出,87.529,2000,175058.6
20200303,13:04:39,688026,洁特生物,卖出,88.406,2000,176812
20200303,13:06:31,688026,洁特生物,卖出,89.011,1000,89011.3
20200303,13:06:46,688026,洁特生物,卖出,89.151,1500,133725.91
20200303,13:07:05,688026,洁特生物,卖出,89.2,2500,223000
20200303,13:08:14,688026,洁特生物,卖出,88.887,16000,1422189.19
20200304,9:35:51,300621,维业股份,卖出,12.87,5000,64350
20200304,9:36:47,300621,维业股份,卖出,12.83,4800,61584
20200304,9:36:28,300621,维业股份,卖出,12.8,10000,128000
20200304,9:36:43,300621,维业股份,卖出,12.79,5000,63950
20200304,9:36:54,300621,维业股份,卖出,12.796,5000,63978
20200304,9:37:21,300621,维业股份,卖出,12.793,5000,63965
20200304,9:39:10,300621,维业股份,卖出,12.8,5000,64000
20200304,9:37:57,300621,维业股份,卖出,12.78,5000,63900
20200304,9:37:55,300621,维业股份,卖出,12.76,5000,63800
20200304,9:38:14,300621,维业股份,卖出,12.77,20000,255400
20200304,9:38:28,300621,维业股份,卖出,12.73,15000,190950
20200304,9:38:33,300621,维业股份,卖出,12.75,5000,63750
20200304,9:39:10,300621,维业股份,卖出,12.78,20000,255600
20200304,9:38:57,300621,维业股份,卖出,12.735,10000,127354
20200304,9:39:12,300621,维业股份,卖出,12.763,20000,255264
20200304,9:39:27,300621,维业股份,卖出,12.799,10000,127993
20200304,9:39:37,300621,维业股份,卖出,12.833,20000,256659
20200304,9:39:51,300621,维业股份,卖出,12.9,20000,258000
20200304,9:39:57,300621,维业股份,卖出,12.9,30000,386992
20200304,10:02:09,002291,星期六,买入,30.15,93800,2828070
20200304,10:38:59,002305,南国置业,买入,2.358,980000,2310812
20200304,10:38:59,002305,南国置业,买入,2.39,160900,384551
20200305,9:45:03,002305,南国置业,卖出,2.57,100000,257000
20200305,9:45:17,002305,南国置业,卖出,2.55,100000,255000
20200305,9:45:38,002305,南国置业,卖出,2.53,100000,253000
20200305,9:46:09,002305,南国置业,卖出,2.54,50000,127000
20200305,9:49:01,002305,南国置业,卖出,2.6,90000,234000
20200305,9:53:02,002305,南国置业,卖出,2.6,350400,911040
20200305,9:53:57,002305,南国置业,卖出,2.6,350500,911300
20200305,10:04:50,600225,天津松江,买入,2.87,980000,2812600
20200305,10:04:50,600225,天津松江,买入,2.87,64800,185976
20200306,9:42:07,603011,合锻智能,买入,6.73,438500,2951105
20200306,9:50:13,600225,天津松江,卖出,2.98,20000,59600
20200306,9:50:57,600225,天津松江,卖出,2.98,200000,596000
20200306,9:51:51,600225,天津松江,卖出,2.99,100000,299000
20200306,9:54:45,600225,天津松江,卖出,3.05,100000,305000
20200306,9:55:01,600225,天津松江,卖出,3.01,100000,301000
20200306,9:55:14,600225,天津松江,卖出,3,200000,600000
20200306,9:56:02,600225,天津松江,卖出,3.01,100000,301000
20200306,9:56:41,600225,天津松江,卖出,3.01,100000,301000
20200306,9:56:59,600225,天津松江,卖出,3.01,96603,290775.03
20200306,9:58:59,600225,天津松江,卖出,2.97,28197,83745.09
20200306,10:08:59,002062,宏润建设,卖出,7.3,560600,4092380
20200306,13:04:27,600579,克劳斯,买入,12.46,289700,3609662
20200306,14:53:14,002291,星期六,卖出,36.49,93800,3422762
20200309,9:44:04,600579,克劳斯,卖出,10.715,289700,3104252
20200309,10:28:50,600318,新力金融,买入,13.61,20000,272200
20200309,10:30:34,600318,新力金融,买入,13.63,20000,272600
20200309,10:29:18,600318,新力金融,买入,13.706,20000,274126
20200309,10:30:38,600318,新力金融,买入,13.62,15000,204300
20200309,10:31:07,600318,新力金融,买入,13.47,15000,202050
20200309,10:31:42,600318,新力金融,买入,13.46,15000,201900
20200309,10:32:28,600318,新力金融,买入,13.28,15000,199200
20200309,10:33:05,600318,新力金融,买入,13.283,15000,199240
20200309,10:33:32,600318,新力金融,买入,13.32,6400,85248
20200309,10:34:16,600318,新力金融,买入,13.55,15000,203250
20200309,10:35:05,600318,新力金融,买入,13.46,15000,201900
20200309,10:35:46,600318,新力金融,买入,13.39,15000,200846
20200309,10:36:33,600318,新力金融,买入,13.35,15000,200250
20200309,10:37:04,600318,新力金融,买入,13.37,15000,200550
20200309,10:38:33,600318,新力金融,买入,13.32,15000,199800
20200309,14:26:12,603011,合锻智能,买入,7.4,473700,3505380
20200310,9:53:28,603011,合锻智能,卖出,6.66,912200,6075252
20200310,10:08:13,600318,新力金融,卖出,12.452,46200,575269.1
20200310,10:08:22,600318,新力金融,卖出,12.41,17500,217175
20200310,10:08:43,600318,新力金融,卖出,12.201,167700,2046027
20200310,13:00:04,002194,武汉凡谷,买入,29.43,105400,3101922
20200310,13:03:12,000785,居然之家,买入,9.38,327400,3071012
20200310,13:09:49,000785,居然之家,买入,9.38,332400,3117912
20200311,9:25:00,000785,居然之家,买入,9.9,90000,891000
20200311,9:40:43,000785,居然之家,卖出,9.77,16300,159251
20200311,9:40:51,000785,居然之家,卖出,9.75,20000,195000
20200311,9:41:16,000785,居然之家,卖出,9.71,3700,35927
20200311,9:41:40,000785,居然之家,卖出,9.66,20000,193200
20200311,9:42:13,000785,居然之家,卖出,9.729,20000,194585
20200311,9:42:32,000785,居然之家,卖出,9.75,20000,195002
20200311,9:45:22,002357,富临运业,买入,6.18,517900,3200622
20200311,9:45:39,002194,武汉凡谷,卖出,31.39,21000,659201
20200311,9:45:44,002194,武汉凡谷,卖出,31.362,28100,881282
20200311,9:45:50,002194,武汉凡谷,卖出,31.42,18700,587548
20200311,9:46:04,002194,武汉凡谷,卖出,31.356,37600,1178969
20200311,9:53:00,000785,居然之家,卖出,9.72,9800,95256
20200311,9:53:39,000785,居然之家,卖出,9.69,10000,96900
20200311,9:54:05,000785,居然之家,卖出,9.69,5000,48450
20200311,9:54:36,000785,居然之家,卖出,9.67,35000,338450
20200311,9:56:03,000785,居然之家,卖出,9.65,10000,96500
20200311,9:56:26,000785,居然之家,卖出,9.64,10000,96400
20200311,10:06:37,000785,居然之家,卖出,9.6,30000,288000
20200312,9:30:52,002357,富临运业,卖出,5.56,103500,575460
20200312,9:31:24,002357,富临运业,卖出,5.511,82800,456275
20200312,9:31:46,002357,富临运业,卖出,5.52,165800,915216
20200312,9:31:54,002357,富临运业,卖出,5.516,55200,304493
20200312,9:32:06,002357,富临运业,卖出,5.53,36800,203504
20200312,9:32:11,002357,富临运业,卖出,5.53,73800,408114
20200312,9:54:41,600203,福日电子,买入,12.9,50000,645000
20200312,9:55:41,600203,福日电子,买入,12.86,31000,398660
20200312,9:58:51,600203,福日电子,买入,12.91,50000,645500
20200312,9:57:42,600203,福日电子,买入,12.948,30000,388444
20200312,9:58:15,600203,福日电子,买入,12.97,30000,389100
20200312,9:59:34,600203,福日电子,买入,12.954,50000,647681.76
20200312,13:00:00,000785,居然之家,买入,10.829,76400,827341
20200312,14:50:49,000785,居然之家,卖出,10.01,10000,100100
20200312,14:51:24,000785,居然之家,卖出,9.895,20000,197900
20200312,14:51:51,000785,居然之家,卖出,9.9,20000,198000
20200312,14:52:11,000785,居然之家,卖出,9.91,10000,99100
20200312,14:52:46,000785,居然之家,卖出,9.949,10000,99491
20200312,14:52:56,000785,居然之家,卖出,9.959,10000,99593
20200312,14:53:26,000785,居然之家,卖出,9.98,20000,199600
20200312,14:55:06,000785,居然之家,卖出,9.89,40000,395600
20200312,14:55:23,000785,居然之家,卖出,9.88,30000,296400
20200312,14:55:43,000785,居然之家,卖出,9.89,30000,296700
20200312,14:56:10,000785,居然之家,卖出,9.9,40000,396000
20200312,15:00:00,000785,居然之家,卖出,9.87,50000,493500
20200313,9:43:20,300247,融捷健康,买入,4.16,735300,3058848
20200313,9:44:58,000785,居然之家,卖出,9.01,20000,180200
20200313,9:45:46,000785,居然之家,卖出,9.04,10000,90400
20200313,9:46:26,000785,居然之家,卖出,9.06,9000,81540
20200313,9:46:48,000785,居然之家,卖出,9.05,10000,90500
20200313,9:47:19,000785,居然之家,卖出,9.03,6400,57792
20200313,9:48:02,000785,居然之家,卖出,9.03,5000,45150
20200313,9:47:44,000785,居然之家,卖出,9.01,10000,90100
20200313,9:48:39,000785,居然之家,卖出,9.02,10000,90200
20200313,9:48:53,000785,居然之家,卖出,9.02,10000,90200
20200313,9:49:16,000785,居然之家,卖出,9.02,5000,45100
20200313,9:49:34,000785,居然之家,卖出,9.03,10000,90300
20200313,9:49:52,000785,居然之家,卖出,9.01,10000,90100
20200313,9:50:43,000785,居然之家,卖出,9,10000,90000
20200313,9:51:10,000785,居然之家,卖出,8.98,30000,269400
20200313,9:53:59,000785,居然之家,卖出,8.91,10000,89100
20200313,9:54:26,000785,居然之家,卖出,8.91,1000,8910
20200313,9:54:56,000785,居然之家,卖出,8.92,20000,178400
20200313,9:55:22,000785,居然之家,卖出,8.94,20000,178800
20200313,9:55:56,000785,居然之家,卖出,8.96,30000,268800
20200313,9:56:18,000785,居然之家,卖出,8.98,10000,89800
20200313,9:56:39,000785,居然之家,卖出,8.99,5000,44950
20200313,9:56:47,000785,居然之家,卖出,8.99,10000,89900
20200313,9:57:01,000785,居然之家,卖出,8.98,5000,44900
20200313,9:57:17,000785,居然之家,卖出,8.96,10000,89600
20200313,9:58:18,000785,居然之家,卖出,8.95,10000,89500
20200313,9:58:27,000785,居然之家,卖出,8.932,40000,357282
20200313,11:25:36,600203,福日电子,卖出,11.683,241000,2815645
20200313,15:00:00,002838,道恩股份,买入,41.47,70200,2911194
20200316,9:42:04,128091,新天转债,买入,161,100,16100
20200316,9:43:38,128091,新天转债,买入,168.679,3543,597630.3
20200316,9:44:16,128091,新天转债,买入,172.98,1000,172980
20200316,9:44:36,128091,新天转债,买入,169.232,4000,676926.02
20200316,9:45:18,128091,新天转债,买入,166.002,2423,402222.85
20200316,9:50:17,128091,新天转债,买入,172.446,2000,344891.44
20200316,9:53:16,128091,新天转债,买入,169.873,1000,169873.26
20200316,9:53:35,128091,新天转债,买入,169.897,2000,339794.83
20200316,10:25:37,300247,融捷健康,卖出,3.94,104100,410154
20200316,10:25:59,300247,融捷健康,卖出,3.91,117600,459816
20200316,10:26:24,300247,融捷健康,卖出,3.92,102700,402584
20200316,10:28:21,300247,融捷健康,卖出,3.99,410900,1639491
20200316,13:03:36,600249,两面针,买入,4.57,667800,3051846
20200316,14:55:24,128091,新天转债,卖出,232.954,8030,1870620.08
20200317,9:31:06,128091,新天转债,卖出,267.981,8036,2153495.32
20200317,10:18:04,600249,两面针,卖出,4.58,10000,45800
20200317,10:21:09,600249,两面针,卖出,4.59,19700,90423
20200317,10:24:36,600249,两面针,卖出,4.603,50000,230163
20200317,10:25:05,600249,两面针,卖出,4.59,50000,229506
20200317,10:26:17,002838,道恩股份,卖出,41.888,17500,733047
20200317,10:26:23,002838,道恩股份,卖出,41.883,17500,732945
20200317,10:26:34,002838,道恩股份,卖出,41.829,17600,736191
20200317,10:26:44,002838,道恩股份,卖出,41.773,17600,735213
20200317,10:29:32,600249,两面针,卖出,4.6,50000,230000
20200317,10:29:54,600249,两面针,卖出,4.6,30000,138000
20200317,10:30:10,600249,两面针,卖出,4.6,20000,92000
20200317,10:30:22,600249,两面针,卖出,4.59,38100,174879
20200317,10:30:38,600249,两面针,卖出,4.6,20000,92000
20200317,10:31:39,600249,两面针,卖出,4.592,281300,1291799
20200317,10:32:10,600249,两面针,卖出,4.58,98700,452049
20200317,13:42:21,600249,两面针,买入,5.03,649500,3266985
20200317,14:44:04,603719,良品铺子,买入,55.699,10000,556987
20200317,14:44:23,603719,良品铺子,买入,55.96,10000,559600
20200317,14:44:48,603719,良品铺子,买入,55.9,20000,1118000
20200317,14:45:08,603719,良品铺子,买入,56.144,10000,561437
20200317,14:45:33,603719,良品铺子,买入,56.07,3800,213066.14
20200318,9:47:06,002581,未名医药,买入,15.309,220100,3369428
20200318,9:55:44,601696,中银证券,买入,22.791,50100,1141831
20200318,9:56:14,601696,中银证券,买入,22.73,20600,468238
20200318,9:56:31,601696,中银证券,买入,22.76,13200,300432
20200318,9:57:02,601696,中银证券,买入,22.828,33300,760188
20200318,9:58:13,601696,中银证券,买入,22.8,22673,516944.4
20200318,11:13:36,600249,两面针,卖出,4.9,162300,795270
20200318,11:14:00,600249,两面针,卖出,4.902,97400,477411
20200318,11:14:48,600249,两面针,卖出,4.92,97400,479208
20200318,11:15:11,600249,两面针,卖出,4.92,81600,401472
20200318,11:15:33,600249,两面针,卖出,4.9,58200,285180
20200318,11:15:54,600249,两面针,卖出,4.87,16900,82303
20200318,11:16:23,600249,两面针,卖出,4.89,16200,79218
20200318,11:16:43,600249,两面针,卖出,4.88,17200,83936
20200318,11:16:56,600249,两面针,卖出,4.87,45300,220611
20200318,11:17:08,600249,两面针,卖出,4.85,57000,276450
20200318,14:54:03,603719,良品铺子,卖出,58.895,17900,1054228
20200318,14:54:19,603719,良品铺子,卖出,58.862,5400,317856
20200318,14:54:36,603719,良品铺子,卖出,58.699,5400,316973
20200318,14:54:41,603719,良品铺子,卖出,58.65,6900,404685
20200318,14:54:54,603719,良品铺子,卖出,58.508,9100,532422
20200318,14:55:07,603719,良品铺子,卖出,58.393,9100,531373
20200319,11:24:42,002581,未名医药,卖出,14.12,2153,30400.36
20200319,11:26:36,002581,未名医药,卖出,14.12,43500,614220
20200319,11:27:12,002581,未名医药,卖出,14.13,34800,491724
20200319,11:27:18,002581,未名医药,卖出,14.13,12200,172386
20200319,11:27:36,002581,未名医药,卖出,14.11,20900,294899
20200319,11:27:59,002581,未名医药,卖出,14.07,22100,310950
20200319,11:28:32,002581,未名医药,卖出,13.918,84447,1175319.77
20200319,13:16:10,601696,中银证券,卖出,23.515,139873,3289107.5
20200320,9:36:34,300683,海特生物,买入,74.931,5000,374656
20200320,9:36:49,300683,海特生物,买入,74.97,5000,374852
20200320,9:37:24,300683,海特生物,买入,74.511,5000,372555
20200320,9:38:12,300683,海特生物,买入,73.71,5000,368550
20200320,9:39:17,300683,海特生物,买入,73.73,2200,162206
20200320,9:39:52,300683,海特生物,买入,74.42,5000,372100
20200320,9:40:24,300683,海特生物,买入,74.23,5000,371150
20200320,9:41:39,300683,海特生物,买入,74.477,5000,372383
20200320,9:42:38,300683,海特生物,买入,76.2,4000,304800
20200320,14:35:04,300683,海特生物,买入,71.4,2000,142800
20200320,14:35:47,300683,海特生物,买入,71.37,3200,228384
20200320,14:36:30,300683,海特生物,买入,71.02,3100,220162
20200320,14:38:04,300683,海特生物,买入,70.93,3000,212790
20200320,14:38:30,300683,海特生物,买入,70.7,2000,141400
20200320,14:40:34,300683,海特生物,买入,69.831,5000,349155.61
20200320,14:43:22,300683,海特生物,买入,69.653,3600,250751
20200320,14:46:10,300683,海特生物,买入,69.11,5000,345550
20200320,14:50:16,300683,海特生物,买入,68.86,3000,206580
20200323,13:12:05,300683,海特生物,卖出,65.53,1100,72083
20200323,13:17:19,300683,海特生物,卖出,64.93,5000,324650
20200323,13:20:42,300683,海特生物,卖出,64.743,10000,647433
20200323,13:20:53,300683,海特生物,卖出,64.73,5000,323652
20200323,13:22:14,300683,海特生物,卖出,64.89,10000,648900
20200323,13:22:25,300683,海特生物,卖出,64.93,5000,324650
20200323,13:22:32,300683,海特生物,卖出,64.93,11600,753194
20200323,13:22:45,300683,海特生物,卖出,64.922,11700,759583
20200323,13:23:27,300683,海特生物,卖出,65.002,11700,760520
20200325,9:37:16,600824,益民集团,买入,3.359,911800,3062842
20200325,11:05:33,002820,桂发祥,买入,12.19,255300,3112107
20200325,14:44:00,600880,博瑞传播,买入,3.97,781600,3102952
20200326,9:38:42,600824,益民集团,卖出,3.43,182300,625289
20200326,9:39:00,600824,益民集团,卖出,3.42,145900,498978
20200326,9:41:15,600824,益民集团,卖出,3.42,52500,179550
20200326,9:40:19,600824,益民集团,卖出,3.4,40000,136000
20200326,9:41:33,600824,益民集团,卖出,3.383,122700,415040
20200326,9:42:16,600824,益民集团,卖出,3.4,122800,417520
20200326,9:43:37,600824,益民集团,卖出,3.4,122800,417520
20200326,9:42:57,600824,益民集团,卖出,3.39,122800,416292
20200326,9:54:18,002820,桂发祥,卖出,11.8,40000,472000
20200326,9:53:38,002820,桂发祥,卖出,11.71,15300,179163
20200326,10:16:53,128026,众兴转债,买入,110.398,4460,492375.08
20200326,10:17:17,128026,众兴转债,买入,110.571,20000,2211411.97
20200326,10:17:38,128026,众兴转债,买入,110.483,3000,331448.69
20200326,10:23:17,002820,桂发祥,卖出,11.93,10000,119300
20200326,10:23:47,002820,桂发祥,卖出,11.92,21000,250320
20200326,10:24:04,002820,桂发祥,卖出,11.9,8000,95200
20200326,10:24:20,002820,桂发祥,卖出,11.9,5000,59500
20200326,10:25:14,002820,桂发祥,卖出,11.91,5000,59550
20200326,10:25:29,002820,桂发祥,卖出,11.906,15000,178583
20200326,10:26:26,002820,桂发祥,卖出,11.93,16000,190880
20200326,10:26:33,002820,桂发祥,卖出,11.905,10000,119046
20200326,10:26:44,002820,桂发祥,卖出,11.918,5000,59591
20200326,10:28:47,002820,桂发祥,卖出,11.911,21000,250132
20200326,10:27:07,002820,桂发祥,卖出,11.896,28000,333096
20200326,10:27:16,002820,桂发祥,卖出,11.881,18600,220986
20200326,10:27:27,002820,桂发祥,卖出,11.851,37400,443214
20200326,13:33:00,128026,众兴转债,卖出,112.413,5560,625016.6
20200326,13:34:50,128026,众兴转债,卖出,112.105,4380,491019.49
20200326,13:34:59,128026,众兴转债,卖出,112.043,430,48178.49
20200326,13:35:42,128026,众兴转债,卖出,111.38,2330,259515.4
20200326,13:35:47,128026,众兴转债,卖出,111.22,1130,125678.6
20200326,13:35:54,128026,众兴转债,卖出,111.034,4030,447465.12
20200326,13:36:04,128026,众兴转债,卖出,111,3140,348540
20200326,13:36:13,128026,众兴转债,卖出,110.573,6460,714302.21
20200326,15:00:00,603608,天创时尚,买入,10.84,280000,3035200
20200327,9:45:54,600880,博瑞传播,卖出,4.113,265900,1093582
20200327,9:46:03,600880,博瑞传播,卖出,4.051,390800,1583336
20200327,9:46:13,600880,博瑞传播,卖出,4.029,124900,503247
20200327,9:52:21,123014,凯发转债,买入,159.9,3000,479699.23
20200327,9:53:23,123014,凯发转债,买入,161.154,5000,805772
20200327,9:54:11,123014,凯发转债,买入,160.5,4000,641997.88
20200327,9:56:08,123014,凯发转债,买入,161.5,5000,807500
20200327,9:57:08,123014,凯发转债,买入,160.689,1500,241033.5
20200327,9:58:09,123014,凯发转债,买入,161.399,1000,161399
20200327,10:08:49,300150,世纪瑞尔,买入,5.36,385500,2066280
20200327,14:26:08,123014,凯发转债,卖出,155.652,6500,1011738
20200327,14:26:50,123014,凯发转债,卖出,156.275,2390,373496.83
20200327,14:26:57,123014,凯发转债,卖出,155.606,970,150937.7
20200327,14:27:47,123014,凯发转债,卖出,150.493,4820,725376.88
20200327,14:27:54,123014,凯发转债,卖出,150.595,4820,725867.99
20200330,9:31:19,603608,天创时尚,卖出,12.08,280000,3382400
20200330,9:31:59,300150,世纪瑞尔,卖出,5.28,77100,407098
20200330,9:32:28,300150,世纪瑞尔,卖出,5.29,14000,74060
20200330,9:32:35,300150,世纪瑞尔,卖出,5.261,77100,405608
20200330,9:32:58,300150,世纪瑞尔,卖出,5.25,77100,404775
20200330,9:33:15,300150,世纪瑞尔,卖出,5.22,24700,128934
20200330,9:33:49,300150,世纪瑞尔,卖出,5.21,66200,344902
20200330,9:34:03,300150,世纪瑞尔,卖出,5.121,49300,252486
20200330,13:23:00,600983,惠而浦,买入,5.72,549500,3143140
20200331,10:00:40,600983,惠而浦,卖出,6.29,549500,3456355
20200331,10:43:23,123031,晶瑞转债,买入,349.88,1430,500328.4
20200331,10:43:46,123031,晶瑞转债,买入,350.32,2000,700640.38
20200331,10:44:39,123031,晶瑞转债,买入,350.307,3200,1120982.59
20200331,11:08:17,123031,晶瑞转债,卖出,348.721,80,27897.68
20200331,11:08:41,123031,晶瑞转债,卖出,349,1310,457190.67
20200331,11:08:52,123031,晶瑞转债,卖出,349.012,3020,1054016
20200331,11:09:03,123031,晶瑞转债,卖出,348.266,2220,773150.14
20200331,13:11:48,113519,长久转债,买入,114.698,10000,1146983.8
20200331,13:16:21,113519,长久转债,卖出,112.638,1000,112638.4
20200331,13:16:42,113519,长久转债,卖出,112.501,570,64125.6
20200331,13:17:20,113519,长久转债,卖出,112.318,580,65144.2
20200331,13:18:48,113519,长久转债,卖出,111.903,500,55951.5
20200331,13:19:17,113519,长久转债,卖出,112.26,20,2245.2
20200331,13:20:13,113519,长久转债,卖出,111.84,1460,163286.5
20200331,13:20:24,113519,长久转债,卖出,111.618,1170,130592.6
20200331,13:20:48,113519,长久转债,卖出,111.7,1560,174252
20200331,13:21:15,113519,长久转债,卖出,111.63,1040,116095.2
20200331,13:21:32,113519,长久转债,卖出,111.61,2100,234381
20200331,13:36:17,128053,尚荣转债,买入,331.456,3000,994367.78
20200331,13:37:03,128053,尚荣转债,买入,331.929,4000,1327715.14
20200331,14:38:05,128053,尚荣转债,卖出,320.2,1910,611582
20200331,14:38:24,128053,尚荣转债,卖出,319.522,5090,1626364.69
