成交日期,成交时间,证券代码,证券名称,买卖方向,成交价格,成交数量,成交金额
2025/12/17,9:30:00,002565,顺灏股份,买入,16.058,21300,342031
2025/12/17,9:30:00,002565,顺灏股份,买入,16.05,48200,773610
2025/12/17,11:21:47,002565,顺灏股份,卖出,15.74,43700,687838
2025/12/17,13:00:02,002565,顺灏股份,卖出,15.87,13000,206310
2025/12/17,13:04:09,300102,乾照光电,卖出,24.39,70600,1721934
2025/12/17,13:04:59,002565,顺灏股份,卖出,15.66,700,10962
2025/12/17,13:06:21,002565,顺灏股份,卖出,15.6,229300,3577080
2025/12/17,14:16:39,600345,长江通信,买入,30.519,55000,1678521
2025/12/17,14:43:09,003005,竞业达,买入,20.92,259500,5428740
2025/12/18,9:25:00,600345,长江通信,卖出,29,55000,1595000
2025/12/18,9:30:36,002536,飞龙股份,买入,29.988,107000,3208716
2025/12/18,10:15:23,003005,竞业达,卖出,20.56,48600,999216
2025/12/18,10:23:08,003005,竞业达,卖出,20.57,52700,1084048
2025/12/18,10:29:20,003005,竞业达,卖出,20.61,22100,455481
2025/12/18,10:30:54,003005,竞业达,卖出,20.58,8100,166698
2025/12/18,10:31:57,003005,竞业达,卖出,20.55,32000,657600
2025/12/18,10:33:39,003005,竞业达,卖出,20.57,96000,1974720
2025/12/18,10:38:56,601566,九牧王,买入,15.44,53500,826040
2025/12/18,10:39:05,601566,九牧王,买入,15.44,132900,2051976
2025/12/18,10:53:40,113593,沪工转债,买入,144.831,31120,4507140.72
2025/12/18,11:00:44,113593,沪工转债,卖出,145.141,31120,4516789
2025/12/18,11:28:39,601399,国机重装,买入,5.35,844300,4517005
2025/12/19,9:32:16,601399,国机重装,卖出,5.74,844300,4846282
2025/12/19,9:43:21,300446,航天智造,买入,27.08,44700,1210476
2025/12/19,9:53:25,002565,顺灏股份,卖出,16.79,69500,1166905
2025/12/19,10:05:10,002536,飞龙股份,买入,28.7,22400,642880
2025/12/19,10:33:11,127042,嘉美转债,买入,208.185,11520,2398290.780
2025/12/19,10:44:53,002536,飞龙股份,卖出,28.89,22400,647136
2025/12/19,10:46:03,000547,航天发展,买入,21.86,109800,2400220
2025/12/19,11:08:39,127042,嘉美转债,卖出,213.031,5760,1227058.56
2025/12/19,11:09:59,127042,嘉美转债,卖出,213.012,5760,1226949.12
2025/12/19,14:36:07,127042,嘉美转债,买入,220.459,11120,2451504.08
2025/12/22,9:30:21,601566,九牧王,卖出,18.2,186400,3392480
2025/12/22,9:40:45,300446,航天智造,卖出,24.71,44700,1104537
2025/12/22,9:40:57,127042,嘉美转债,卖出,230.607,11120,2564345.56
2025/12/22,9:48:06,000572,海马汽车,买入,9.12,193900,1768337
2025/12/22,10:03:40,002536,飞龙股份,卖出,30.15,107000,3226068
2025/12/22,10:24:51,000753,漳州发展,买入,8.54,147000,1255380
2025/12/22,11:16:03,000547,航天发展,买入,22.76,66600,1515816
2025/12/22,13:40:24,002792,通宇通讯,买入,33.42,28100,939102
2025/12/22,14:41:27,000547,航天发展,买入,22.57,31300,706441
2025/12/22,15:00:00,000547,航天发展,卖出,22.85,99800,2280430
2025/12/23,9:30:29,000572,海马汽车,卖出,9.526,193900,1847175
2025/12/23,9:36:23,002228,合兴包装,买入,5.41,182500,987325
2025/12/23,9:38:01,000753,漳州发展,卖出,8.251,147000,1212900
2025/12/23,10:09:51,002792,通宇通讯,卖出,34.3,7300,250390
2025/12/23,10:10:01,002792,通宇通讯,卖出,34.15,20800,710326
2025/12/23,10:18:55,000547,航天发展,卖出,22.24,107900,2399725.56
2025/12/23,10:40:56,000592,平潭发展,买入,13.2,103800,1370160
2025/12/24,9:30:05,001208,华菱线缆,买入,19.6,82400,1615040
2025/12/24,9:35:50,113657,再22转债,买入,272.585,8860,2415105.48
2025/12/24,9:41:57,113657,再22转债,卖出,278.803,8860,2470194.58
2025/12/24,9:57:12,000592,平潭发展,买入,12.98,66000,856680
2025/12/24,11:09:48,113657,再22转债,买入,293.777,5550,1630459.77
2025/12/24,11:13:36,113657,再22转债,卖出,292.764,5550,1624842.37
2025/12/24,13:00:00,300803,指南针,买入,131.267,16000,2100265.5
2025/12/24,14:19:11,000592,平潭发展,买入,13.32,24600,327672
2025/12/24,14:29:39,000592,平潭发展,买入,13.31,18500,246235
2025/12/24,14:30:18,000592,平潭发展,买入,13.27,13900,184453
2025/12/24,14:31:01,000592,平潭发展,买入,13.08,41200,538896
2025/12/25,9:25:00,300803,指南针,卖出,133,16000,2128000
2025/12/25,10:04:24,001208,华菱线缆,卖出,21.531,82400,1774191
2025/12/25,13:13:27,000551,创元科技,买入,16.68,54100,902388
2025/12/25,13:14:13,002583,海能达,买入,11.369,238100,2706948
2025/12/25,14:56:59,000547,航天发展,买入,25.6,130700,3345920
2025/12/25,15:00:00,000547,航天发展,买入,25.6,98000,2508800
2025/12/25,15:00:00,603696,安记食品,买入,26.5,31100,824150
2025/12/26,9:25:00,002583,海能达,卖出,11.68,238100,2781008
2025/12/26,9:31:20,000551,创元科技,卖出,17.4,8300,144420
2025/12/26,9:31:53,000551,创元科技,卖出,16.93,45800,775394
2025/12/26,9:38:01,002228,合兴包装,卖出,6.35,18900,120015
2025/12/26,9:38:19,002228,合兴包装,卖出,6.3,163600,1030680
2025/12/26,9:48:56,002535,林州重机,买入,4.21,148700,626027
2025/12/26,9:51:14,002163,海南发展,买入,22.75,27500,625625
2025/12/26,11:13:16,603696,安记食品,卖出,27.4,500,13700
2025/12/26,11:20:08,603696,安记食品,卖出,27.1,30600,829260
2025/12/26,15:00:00,600879,航天电子,买入,19.47,20200,393294
2025/12/26,15:00:00,002788,鹭燕医药,买入,21,19700,413700
2025/12/29,9:25:00,002535,林州重机,卖出,3.98,148700,591826
2025/12/29,9:30:02,600879,航天电子,卖出,19.05,20200,384810
2025/12/29,9:30:11,000547,航天发展,卖出,30.1,228700,6883870
2025/12/29,9:39:18,000592,平潭发展,卖出,15.25,268000,4087000
2025/12/29,10:22:20,002788,鹭燕医药,买入,21.37,28400,606908
2025/12/29,10:26:45,002163,海南发展,卖出,24.58,12900,317084
2025/12/29,10:28:24,002163,海南发展,卖出,24.56,14600,358583
2025/12/29,10:51:08,600343,航天动力,买入,44.38,22200,985236
2025/12/29,13:14:07,002788,鹭燕医药,买入,21.44,28800,617472
2025/12/29,14:21:27,300337,银邦股份,买入,15.918,75000,1193870
2025/12/29,14:49:22,002788,鹭燕医药,买入,21.85,20800,454480
2025/12/29,14:50:34,002788,鹭燕医药,买入,21.784,34900,760264
2025/12/29,14:54:54,002788,鹭燕医药,买入,21.88,10300,225364
2025/12/30,9:25:00,300337,银邦股份,卖出,15.3,75000,1147500
2025/12/30,9:31:55,300136,信维通信,买入,54.599,72700,3969321
2025/12/30,9:33:00,002682,龙洲股份,买入,10.53,203300,2140749
2025/12/30,9:50:09,600343,航天动力,买入,46.01,16500,759165
2025/12/30,9:50:28,300102,乾照光电,买入,25.881,55200,1428606
2025/12/30,11:09:37,600343,航天动力,买入,47.2,15100,712720
2025/12/30,11:10:58,600343,航天动力,买入,46.72,11400,532608
2025/12/30,11:18:07,600343,航天动力,买入,46.515,34500,1604767.5
2025/12/31,9:30:15,002682,龙洲股份,卖出,8.96,203300,1821568
2025/12/31,9:49:02,300102,乾照光电,卖出,26.7,55200,1473840
2025/12/31,10:09:15,600498,烽火通信,买入,32.08,56800,1822144
2025/12/31,11:05:13,300136,信维通信,卖出,57.141,72700,4154129
2025/12/31,11:09:40,002788,鹭燕医药,卖出,21.18,142900,3026622
2025/12/31,13:00:01,603123,翠微股份,买入,16.992,61600,1046706
2025/12/31,13:00:01,600343,航天动力,卖出,48.991,99700,4884395.15
2025/12/31,14:44:55,300136,信维通信,买入,60.07,164000,9851469
2025/12/31,14:51:14,300136,信维通信,买入,60.469,108400,6554865
2026/1/5,9:25:00,603123,翠微股份,卖出,15.9,61600,979440
2026/1/5,9:32:32,600498,烽火通信,卖出,33.18,56800,1884624
2026/1/5,9:35:06,300136,信维通信,卖出,64.21,41742,2680253.82
2026/1/5,9:37:22,300136,信维通信,卖出,64.85,174387,11308996.95
2026/1/5,9:43:47,002083,孚日股份,买入,13.09,143800,1882342
2026/1/5,9:44:36,300136,信维通信,卖出,66.434,56271,3738324.82
2026/1/5,10:44:03,300003,乐普医疗,买入,18.97,75000,1422750
2026/1/5,13:31:36,300459,汤姆猫,买入,5.5,300000,1650000
2026/1/6,9:25:00,300459,汤姆猫,卖出,5.29,300000,1587000
2026/1/6,9:31:06,300003,乐普医疗,卖出,19.81,75000,1485724
2026/1/6,9:33:02,002083,孚日股份,卖出,13.66,143800,1964308
2026/1/6,13:34:21,300058,蓝色光标,买入,13.74,8800,120912
2026/1/6,13:34:39,300058,蓝色光标,买入,13.8,2840,39192
2026/1/6,13:34:50,300058,蓝色光标,买入,13.83,8800,121704
2026/1/6,13:35:19,300058,蓝色光标,买入,13.95,300000,4185000
2026/1/6,13:35:38,300058,蓝色光标,买入,13.798,300000,4139317
2026/1/6,13:36:38,300058,蓝色光标,买入,13.82,300000,4146000
2026/1/6,13:37:24,300058,蓝色光标,买入,13.82,64600,892772
2026/1/6,13:39:25,300409,道氏技术,买入,31.137,100000,3113652
2026/1/6,13:51:37,600734,实达集团,买入,4.68,1000000,4679973
2026/1/6,14:07:49,000917,电广传媒,买入,11.36,278600,3164896.000
2026/1/7,9:30:05,300409,道氏技术,卖出,32.917,100000,3291679
2026/1/7,9:42:36,300058,蓝色光标,卖出,14.878,300000,4463509.95
2026/1/7,9:46:33,601611,中国核建,买入,15.146,217300,3291276
2026/1/7,9:47:25,300058,蓝色光标,卖出,14.569,300000,4370599.6
2026/1/7,9:47:37,300058,蓝色光标,卖出,14.689,300000,4406815
2026/1/7,9:48:18,300058,蓝色光标,卖出,14.77,85040,1256040.8
2026/1/7,9:56:48,600734,实达集团,卖出,4.62,1000000,4620000
2026/1/7,10:00:50,000917,电广传媒,卖出,11.65,278600,3245796
2026/1/7,10:27:36,603516,淳中科技,买入,252.62,13400,3385108
2026/1/7,10:57:58,300136,信维通信,买入,66.71,38200,2548309
2026/1/7,10:58:56,300136,信维通信,买入,66.68,76500,5100108
2026/1/7,10:59:07,300136,信维通信,买入,66.64,14538,968812.32
2026/1/7,11:01:56,300136,信维通信,买入,66.58,23600,1571288
2026/1/7,11:19:16,300136,信维通信,买入,66.47,3600,239292
2026/1/7,11:19:51,300136,信维通信,买入,66.51,31300,2081755
2026/1/7,11:28:43,300136,信维通信,买入,66.93,47600,3185852
2026/1/7,14:06:35,300136,信维通信,买入,67.08,47600,3193008
2026/1/8,9:25:00,601611,中国核建,卖出,16.35,217300,3552855
2026/1/8,9:30:49,300986,志特新材,买入,23.18,153200,3551176
2026/1/8,9:54:40,603516,淳中科技,卖出,243,13400,3256200
2026/1/8,11:04:27,300136,信维通信,卖出,73.58,1000,73580
2026/1/8,11:08:45,300136,信维通信,卖出,72.08,93900,6768312
2026/1/8,11:16:07,600410,华胜天成,买入,19.63,167900,3295877
2026/1/8,13:27:19,300136,信维通信,卖出,72.8,27000,1965600
2026/1/8,13:46:23,300136,信维通信,卖出,73.8,53600,3955680
2026/1/8,14:07:42,300136,信维通信,卖出,74.102,53700,3979276
2026/1/8,14:09:01,300136,信维通信,卖出,74.221,37700,2798126
2026/1/8,14:09:35,300136,信维通信,卖出,73.83,1900,140277
2026/1/8,14:10:25,300136,信维通信,卖出,73.32,14138,1036598.16
2026/1/8,14:29:05,002031,巨轮智能,买入,8.54,250000,2135000
2026/1/9,9:25:00,002031,巨轮智能,卖出,8.07,200000,1614000
2026/1/9,9:30:00,600637,东方明珠,买入,13.32,324500,4322340
2026/1/9,9:30:55,600637,东方明珠,买入,13.27,269600,3577592
2026/1/9,9:31:34,600637,东方明珠,买入,13.32,197400,2629368
2026/1/9,9:34:03,002131,利欧股份,买入,7.46,1000000,7460000
2026/1/9,9:44:18,300986,志特新材,买入,27.82,78900,2194998
2026/1/9,10:07:47,002471,中超控股,买入,8.65,48800,422120
2026/1/9,13:14:07,600410,华胜天成,卖出,20.81,167900,3493999
2026/1/9,13:25:42,002565,顺灏股份,买入,21.42,9100,194922
2026/1/12,10:51:04,002565,顺灏股份,卖出,22.7,9100,206570
2026/1/12,11:01:01,300045,华力创通,买入,36.379,5600,203720.62
2026/1/13,9:30:26,002471,中超控股,卖出,9.4,48800,458720
2026/1/13,9:32:29,300045,华力创通,卖出,36.18,5600,202608
2026/1/13,9:38:14,002465,海格通信,买入,23.57,28100,662317
2026/1/13,9:40:06,600637,东方明珠,卖出,15.13,791500,11975400
2026/1/13,9:53:15,002465,海格通信,买入,24.2,165400,4002680
2026/1/13,9:53:16,002465,海格通信,买入,24.2,167900,4063180
2026/1/14,13:48:49,002465,海格通信,卖出,26.62,361400,9620468
2026/1/14,13:53:59,002465,海格通信,买入,26.62,222900,5933598
2026/1/15,9:40:30,300136,信维通信,买入,77.059,72700,5602191
2026/1/16,13:04:20,300136,信维通信,卖出,81.262,72700,5907772
2026/1/16,13:22:13,600171,上海贝岭,买入,34.588,168900,5841974
2026/1/16,13:23:20,600171,上海贝岭,买入,34.56,2000,69120
2026/1/19,9:25:01,600171,上海贝岭,卖出,34,170900,5810600
2026/1/19,9:55:08,300444,双杰电气,买入,14.592,300000,4377583
2026/1/19,10:17:41,300986,志特新材,卖出,28.2,54200,1528440
2026/1/19,10:37:30,300986,志特新材,卖出,29.219,44400,1297308
2026/1/19,10:42:21,300986,志特新材,卖出,29.895,133500,3990951
2026/1/19,10:54:57,300342,天银机电,买入,57.01,30600,1744506
2026/1/19,13:24:46,300986,志特新材,买入,28.7,70100,2011870
2026/1/19,14:41:51,300342,天银机电,买入,57.08,36002,205488
2026/1/19,14:47:32,300986,志特新材,买入,28.8,32900,947520
2026/1/20,9:25:00,300444,双杰电气,卖出,14.83,300000,4449000
2026/1/20,9:30:23,002465,海格通信,卖出,18.76,222900,4181604
2026/1/20,9:43:16,300986,志特新材,卖出,32.69,14735,481687.15
2026/1/20,9:43:56,300986,志特新材,卖出,32.6,88265,2877439
2026/1/20,10:11:10,300342,天银机电,卖出,54.65,34200,1869030
2026/1/20,13:40:39,002465,海格通信,买入,18.52,29500,546340
2026/1/20,13:41:52,002465,海格通信,买入,18.74,108800,2038912
2026/1/20,13:44:47,002465,海格通信,买入,18.897,56600,1069564
2026/1/21,9:30:04,600986,浙文互联,买入,10.16,436400,4433824
2026/1/21,9:33:03,000066,中国长城,买入,17.39,609400,10597726
2026/1/21,9:33:33,002465,海格通信,卖出,17.61,194910,3432189
2026/1/22,9:48:53,600986,浙文互联,卖出,11.22,436400,4896408
2026/1/22,10:52:54,000066,中国长城,卖出,19.06,203100,3871086
2026/1/22,11:20:05,000066,中国长城,卖出,18.93,203100,3844683
2026/1/22,11:21:09,000066,中国长城,卖出,19.04,13100,249424
2026/1/22,13:00:40,600372,中航机载,买入,16.35,189700,3101595
2026/1/22,14:51:59,000066,中国长城,卖出,19.06,133600,2546416
2026/1/22,14:55:56,000066,中国长城,卖出,19.23,45900,882657
2026/1/22,14:56:18,000066,中国长城,卖出,19.2,10600,203520
2026/1/23,9:25:00,002131,利欧股份,卖出,7.59,600,4554
2026/1/23,9:25:00,002131,利欧股份,卖出,7.59,999400,7585446
2026/1/23,9:31:54,600372,中航机载,卖出,16.5,189700,3130050.000
2026/1/23,9:50:11,603078,江化微,买入,31.36,107400,3368064
2026/1/23,9:51:34,603078,江化微,买入,30.496,456900,13933772
2026/1/23,11:01:09,300058,蓝色光标,买入,19.08,150000,2862000
2026/1/23,11:01:51,300058,蓝色光标,买入,19.14,45700,874698
2026/1/23,11:02:26,300058,蓝色光标,买入,19.29,79700,1537413
2026/1/23,11:03:15,300058,蓝色光标,买入,19.3,100000,1930000
2026/1/23,11:16:33,601179,中国西电,买入,16.35,115200,1883520
2026/1/23,11:22:21,300058,蓝色光标,买入,19.89,100000,1989000
2026/1/23,13:00:00,300433,蓝思科技,买入,40,70000,2799997
2026/1/23,13:00:00,920368,连城数控,买入,47.158,75214,3546937.24
2026/1/26,9:30:29,601179,中国西电,卖出,15.701,115200,1808754
2026/1/26,9:32:08,300433,蓝思科技,卖出,40.922,70000,2864533
2026/1/26,9:41:29,300058,蓝色光标,买入,19.898,117200,2332045.6
2026/1/26,9:59:33,300179,四方达,买入,19.997,93377,1867271
2026/1/26,10:14:20,920368,连城数控,卖出,54,25000,1350000
2026/1/26,10:22:39,300058,蓝色光标,买入,19.18,94800,1818264.000
2026/1/26,10:26:15,920368,连城数控,卖出,52.35,502142,26270902.9
2026/1/26,11:24:15,603078,江化微,卖出,29.001,188100,5455144
2026/1/26,11:25:32,603078,江化微,卖出,29.041,125400,3641758
2026/1/26,13:00:06,603078,江化微,卖出,29.1,252597,7350570.9
2026/1/26,13:17:32,603078,江化微,卖出,29.2,112700,3298040
2026/1/26,13:51:04,603078,江化微,卖出,28.62,56400,1614168
2026/1/26,13:53:09,603078,江化微,卖出,28.64,56441,1616470.24
2026/1/26,14:19:01,300113,顺网科技,买入,24.53,56900,1395757
2026/1/26,14:53:02,601390,中国中铁,买入,5.74,452100,2595054
2026/1/26,15:00:00,300058,蓝色光标,卖出,20.74,175400,3637796
2026/1/26,15:00:00,300058,蓝色光标,卖出,20.74,300000,6222000
2026/1/27,9:25:00,300179,四方达,卖出,19.33,93377,1804977.41
2026/1/27,9:25:00,300113,顺网科技,卖出,24.21,56900,1375549
2026/1/27,9:30:58,601390,中国中铁,卖出,5.67,452100,2563407
2026/1/27,9:42:51,000547,航天发展,买入,27.48,12800,351744
2026/1/27,9:44:02,300058,蓝色光标,卖出,21.38,212000,453260
2026/1/27,11:16:21,300342,天银机电,买入,56.889,56300,320823
2026/1/27,11:18:47,300342,天银机电,买入,56.765,7000,397355
2026/1/27,11:20:28,301005,超捷股份,买入,196.946,1900,374198
2026/1/27,11:23:31,301005,超捷股份,买入,197.467,11200,2221632
2026/1/27,11:24:38,300342,天银机电,买入,56.907,34100,1940529
2026/1/27,11:25:13,301005,超捷股份,买入,196.77,7600,1495452
2026/1/27,11:27:51,300342,天银机电,买入,56.73,10150,575809.5
2026/1/27,11:29:37,300342,天银机电,买入,56.799,23900,1357554
2026/1/27,13:12:37,300053,航宇微,买入,24.653,75000,1848991
2026/1/27,13:13:50,300136,信维通信,买入,85.07,200,17014
2026/1/27,13:14:25,300136,信维通信,买入,85.089,49600,4220410
2026/1/27,13:14:47,002149,西部材料,买入,47.358,21500,1018207
2026/1/27,13:16:24,301005,超捷股份,买入,196.13,3900,764907
2026/1/27,13:17:18,300136,信维通信,买入,85.1,45700,3890897
2026/1/27,13:20:58,301005,超捷股份,买入,196.62,8900,1749918
2026/1/27,13:22:11,300136,信维通信,买入,84.475,62300,5267363.06
2026/1/27,13:32:29,300342,天银机电,买入,56.68,100,5668
2026/1/28,10:15:28,300053,航宇微,卖出,24.261,75000,1819558
2026/1/28,10:42:59,000547,航天发展,卖出,26.63,12800,340864
2026/1/28,10:44:54,300136,信维通信,卖出,81.21,157800,12814938
2026/1/28,10:45:10,300342,天银机电,卖出,52.891,131550,6957792.5
2026/1/28,10:45:20,002149,西部材料,卖出,47.844,21500,1028652.000
2026/1/28,10:47:14,301005,超捷股份,卖出,184.5,33500,6180750
2026/1/28,13:00:00,000737,北方铜业,买入,18.7,433800,8112060
2026/1/28,13:45:11,600986,浙文互联,买入,12.98,54700,710006
2026/1/28,13:50:06,301428,世纪恒通,买入,42.3,13400,566820
2026/1/28,13:54:34,600986,浙文互联,买入,12.92,132300,1709316
2026/1/28,13:58:09,301428,世纪恒通,买入,41.98,2000,83960
2026/1/29,9:37:49,000737,北方铜业,卖出,19.912,433800,8638024.000
2026/1/29,11:18:35,301428,世纪恒通,卖出,43.03,4900,210847
2026/1/29,11:23:35,301428,世纪恒通,卖出,42.9,10500,450450
2026/1/29,11:26:52,300066,三川智慧,买入,7.982,300000,2394648.95
2026/1/29,13:03:04,300775,三角防务,买入,40.06,68400,2740100
2026/1/29,13:05:16,000630,铜陵有色,买入,9.19,297100,2730349
2026/1/29,13:11:20,300775,三角防务,买入,40.21,67900,2720359
2026/1/29,13:22:39,002012,凯恩股份,买入,6.66,45000,299700
2026/1/29,13:38:16,300033,同花顺,买入,357.99,1600,572784
2026/1/29,13:38:27,300033,同花顺,买入,358.61,9800,3514378
2026/1/29,13:41:19,600986,浙文互联,卖出,13.78,187000,2576860
2026/1/29,15:00:00,300775,三角防务,买入,39.8,51600,2053680
2026/1/30,9:25:00,300066,三川智慧,卖出,7.37,300000,2211000.000
2026/1/30,9:30:48,000630,铜陵有色,卖出,8.5,297100,2525350
2026/1/30,9:31:48,123182,广联转债,买入,175.924,23340,4106059.57
2026/1/30,9:38:22,300775,三角防务,卖出,38.364,17700,679038
2026/1/30,9:39:58,300775,三角防务,卖出,37.67,17200,6411434.00
2026/1/30,9:43:14,300033,同花顺,卖出,349.65,11400,3986015.00
2026/1/30,9:45:59,123182,广联转债,卖出,163.738,70,11461.66
2026/1/30,9:47:25,123182,广联转债,卖出,164.119,23270,3819049.13
2026/1/30,10:20:11,600667,太极实业,买入,11.22,782200,8776284
2026/1/30,10:22:43,600667,太极实业,买入,10.98,647600,7110648
2026/1/30,11:07:58,002012,凯恩股份,卖出,6.37,250000,1592500
2026/1/30,13:22:07,000020,深华发A,买入,15.978,243500,3890643
2026/2/2,9:30:07,600667,太极实业,卖出,10.78,8465009,125270
2026/2/2,9:30:35,600667,太极实业,卖出,10.71,3790174,59272.07
2026/2/2,9:30:50,600667,太极实业,卖出,10.711,2042832,188016.93
2026/2/2,9:31:34,123182,广联转债,买入,174.866,37730,6597689.77
2026/2/2,9:34:47,300342,天银机电,买入,56.674,50100,2839383
2026/2/2,9:39:22,123182,广联转债,卖出,169.464,125702,130162.48
2026/2/2,9:40:08,123182,广联转债,卖出,168.779,125802,123239.14
2026/2/2,9:40:33,123182,广联转债,卖出,168.27,125802,116836.6
2026/2/2,9:49:00,000981,山子高科,买入,4.85,476800,2312480
2026/2/2,9:53:07,000020,深华发A,卖出,15.15,81100,1228665.000
2026/2/2,9:56:42,000020,深华发A,卖出,15.11,162400,2453864.000
2026/2/2,11:06:28,301005,超捷股份,买入,182.893,8500,1554590
2026/2/2,13:00:00,002009,天奇股份,买入,29.957,41700,1249208
2026/2/2,13:00:00,603667,五洲新春,买入,77.644,64500,5008059.92
2026/2/2,13:18:10,601615,明阳智能,买入,24.079,157500,3793472.4
2026/2/3,9:45:46,603667,五洲新春,卖出,78.55,64500,5066475
2026/2/3,9:46:21,301005,超捷股份,卖出,177.69,8500,1510365
2026/2/3,9:48:36,300342,天银机电,卖出,54.224,50100,2716641
2026/2/3,9:55:24,601615,明阳智能,卖出,23.9,157500,3764250
2026/2/3,10:03:16,000981,山子高科,卖出,4.9,476800,2336320
2026/2/3,10:05:10,002009,天奇股份,卖出,30.13,41700,1256421
2026/2/3,10:08:10,600986,浙文互联,买入,15.419,593000,9143394
2026/2/3,10:46:21,600986,浙文互联,买入,15.42,188600,2908212
2026/2/3,10:47:01,600986,浙文互联,买入,15.363,47000,722055
2026/2/3,10:47:31,600986,浙文互联,买入,15.35,47200,724520
2026/2/3,10:48:35,600986,浙文互联,买入,15.35,91200,1400220
2026/2/3,11:06:11,301183,东田微,买入,176.765,2600,459589
2026/2/3,11:06:37,301183,东田微,买入,176.999,1600,283198.4
2026/2/3,11:10:03,301183,东田微,买入,178,2500,445000
2026/2/4,9:57:32,301183,东田微,卖出,168.5,21300,3589050
2026/2/4,10:04:19,300131,英唐智控,买入,16.53,217600,3596924
2026/2/5,9:25:00,300131,英唐智控,卖出,16.12,217600,3507712
2026/2/5,9:31:29,000592,平潭发展,买入,11.5,304900,3506350.00
2026/2/6,9:49:51,600986,浙文互联,卖出,13.97,967020,135039269.400
2026/2/6,9:53:28,002155,湖南黄金,买入,33.13,131300,4349969.00
2026/2/6,9:57:10,127075,百川转2,买入,162.398,26790,4350649.390
2026/2/6,10:09:00,000592,平潭发展,卖出,11.92,270400,3223168.000
2026/2/6,10:13:09,000592,平潭发展,卖出,11.79,34500,406755
2026/2/6,10:23:24,127075,百川转2,卖出,164.088,5020,823722
2026/2/6,10:24:02,127075,百川转2,卖出,164.555,6690,1100872.950
2026/2/6,10:27:20,127075,百川转2,卖出,164.328,7540,1239033.120
2026/2/6,10:29:19,127075,百川转2,卖出,165.007,7540,1244154.920
2026/2/6,13:00:00,300017,网宿科技,买入,19,206700,3927240.000
2026/2/6,13:07:34,002624,完美世界,买入,19.5,410600,8006686.000
2026/2/6,13:19:06,002624,完美世界,买入,19.48,1400,27272
2026/2/9,9:58:20,002155,湖南黄金,卖出,36.121,5500,198663,
2026/2/9,10:00:46,002155,湖南黄金,卖出,35.85,125800,4509930.00,
2026/2/9,10:37:09,300017,网宿科技,卖出,18.73,68900,1290497.00,
2026/2/9,10:42:32,300017,网宿科技,卖出,18.73,68900,1290497.00,
2026/2/9,10:45:31,300017,网宿科技,卖出,18.73,68900,1290497.00,
2026/2/10,9:25:00,688818,N电科,买入,80.5,1449,116644.500
2026/2/10,9:47:04,002624,完美世界,卖出,21.7,137300,2979410.00,
2026/2/10,9:51:43,688818,N电科,买入,61.8,6000,370800,
2026/2/10,9:53:56,002624,完美世界,卖出,22.5,66500,1496250.00,
2026/2/10,9:57:03,002624,完美世界,卖出,22.58,208200,4701156.000,
2026/2/10,10:28:14,688818,N电科,买入,64.3,16300,1048090.00,
2026/2/10,10:52:55,688818,N电科,买入,63,12400,781200,
2026/2/10,13:23:41,688818,N电科,买入,62.799,9400,590314,
2026/2/10,13:27:29,688818,N电科,买入,62.6,7000,438200,
2026/2/10,13:28:09,688818,N电科,买入,62.51,5300,331303,
2026/2/10,13:40:11,688818,N电科,买入,62,16019,993178,
2026/2/10,14:50:23,688583,思看科技,买入,156.251,11600,1812515.640,
2026/2/10,15:00:00,688818,N电科,买入,65.94,2800,184632,
2026/2/11,9:25:00,300182,捷成股份,买入,9.46,300000,2838000.00,
2026/2/11,9:31:26,113643,风语转债,买入,155.9,6410,999319,
2026/2/11,9:31:44,113643,风语转债,买入,155.142,23780,3689287.510,
2026/2/11,9:49:50,113643,风语转债,卖出,144.458,7540,1089216.430,
2026/2/11,9:51:12,113643,风语转债,卖出,146.342,22650,3314655.410,
2026/2/11,10:08:43,300182,捷成股份,买入,8.63,150000,1294500.000,
2026/2/11,10:13:43,688583,思看科技,卖出,163.17,2900,473193,
2026/2/11,10:14:50,300182,捷成股份,买入,8.41,75000,630750,
2026/2/11,10:20:32,300166,东方国信,买入,13.81,9300,128433
2026/2/11,10:20:42,300166,东方国信,买入,13.92,1000,13920
2026/2/11,10:21:37,300166,东方国信,买入,13.92,201800,2808986.00,
2026/2/11,10:30:24,688583,思看科技,卖出,165.89,2900,481081,
2026/2/11,10:40:48,688583,思看科技,卖出,165.11,3900,643929,
2026/2/11,10:44:45,688583,思看科技,卖出,166.56,1900,316464,
2026/2/11,13:04:48,688818,C电科,卖出,64.4,76668,4937434.870,
2026/2/11,13:43:23,127075,百川转2,买入,208.79,2040,425932,
2026/2/11,13:44:09,127075,百川转2,买入,208.557,3060,638183,
2026/2/11,13:45:08,127075,百川转2,买入,208.45,3070,639942,
2026/2/12,9:31:39,127075,百川转2,卖出,187.924,8170,1535339.080,
2026/2/12,9:35:24,300249,依米康,买入,18.795,55700,1046860.000,
2026/2/12,9:41:55,300166,东方国信,卖出,14.76,212100,3130596.00,
2026/2/12,9:45:31,603284,C林平,买入,56.963,13700,780397,
2026/2/12,9:56:05,920368,连城数控,买入,67.98,17200,1169256.00,
2026/2/12,10:05:14,127096,泰坦转债,买入,174.451,5440,949016.11,
2026/2/12,10:12:46,127096,泰坦转债,卖出,169.854,5440,924004.48,
2026/2/12,10:25:23,920368,连城数控,买入,67.965,5500,373807,
2026/2/12,10:35:27,920368,连城数控,买入,67.318,3800,255807.71,
2026/2/12,11:28:30,920368,连城数控,买入,68.88,2900,199752,
2026/2/12,13:17:00,920493,并行科技,买入,187.403,2381,446206,
2026/2/12,13:22:51,110095,双良转债,买入,161.713,27440,4437404.720,
2026/2/12,13:23:10,110095,双良转债,卖出,162.694,27440,4464334.800,
2026/2/12,14:14:49,110095,双良转债,买入,181.59,10320,1874008.800,
2026/2/12,14:15:12,110095,双良转债,卖出,181.934,10320,1877560.290,
2026/2/12,14:18:15,300182,捷成股份,卖出,8.76,100000,876000.00,
2026/2/12,14:20:10,300182,捷成股份,卖出,8.77,100000,877000.00,
2026/2/12,14:25:21,110095,双良转债,买入,182.756,8500,1553424.950,
2026/2/12,14:25:43,110095,双良转债,卖出,183.351,280,51338.28
2026/2/12,14:26:11,110095,双良转债,卖出,182.319,8220,1498665.090,
2026/2/12,14:26:16,300182,捷成股份,卖出,8.74,87500,764750,
2026/2/12,14:29:16,300182,捷成股份,卖出,8.7,43700,380190,
2026/2/12,14:33:36,300182,捷成股份,卖出,8.72,43800,381936,
2026/2/12,14:35:18,300182,捷成股份,卖出,8.77,150000,1315500.00,
2026/2/12,14:39:37,300182,捷成股份,买入,8.87,202600,1797062.00,
2026/2/12,14:40:15,300182,捷成股份,买入,8.85,200,1770
2026/2/12,14:45:19,300182,捷成股份,买入,8.85,300000,2655000.00,
2026/2/12,14:50:19,300182,捷成股份,买入,8.93,150000,1339500.000,
2026/2/12,14:53:26,300182,捷成股份,买入,8.88,100000,888000.00,
2026/2/12,14:54:08,300182,捷成股份,买入,8.87,100000,887000.00,
